% Encoding: UTF-8

@Misc{1,
  author = {Selva Prabhakaran},
  title  = {{Outlier Treatment}},
  month  = dec,
  year   = {2017},
  url    = {http://r-statistics.co/Outlier-Treatment-With-R.html},
}

@Misc{AiO2017,
  author = {AiO},
  title  = {{House Prices: Advanced Regression Techniques}},
  month  = feb,
  year   = {2017},
  url    = {https://www.kaggle.com/notaapple/detailed-exploratory-data-analysis-using-r},
}



@Misc{3,
  author = {Tanner Carbonati},
  title  = {{Detailed Data Analysis \& Ensemble Modeling}},
  month  = aug,
  year   = {2017},
  url    = {https://www.kaggle.com/tannercarbonati/detailed-data-analysis-ensemble-modeling/notebook},
}

@Misc{4,
  author = {Siddharth Raina},
  title  = {{Regularized Regression - Housing Pricing}},
  month  = jan,
  year   = {2017},
  url    = {https://www.kaggle.com/sidraina89/regularized-regression-housing-pricing},
}

@Misc{5,
  author = {Yeshwant Chillakuru and Michael Arango and Jack Crum and Paul Brewster},
  title  = {{Using Neighborhood Level Data to Predict the Residential Sale Price of Properties in Ames, Iowa}},
  month  = may,
  year   = {2017},
  url    = {https://rpubs.com/jackcrum/281471},
}

@Misc{6,
  author = {Kevin Wong},
  title  = {{Predicting Ames House Prices}},
  month  = dec,
  year   = {2016},
  url    = {http://kevinfw.com/post/predicting-ames-house-prices/},
}

@Misc{Yue2016,
  author = {Ricky Yue and Jurgen De Jager},
  title  = {{Advanced Regression Modeling on House Prices}},
  month  = sep,
  year   = {2016},
  url    = {https://nycdatascience.com/blog/student-works/advanced-regression-modeling-house-prices/},
}

@Misc{AarshayJain2016,
  author = {Aarshay Jain},
  title  = {{Complete Guide to Parameter Tuning in XGBoost}},
  month  = mar,
  year   = {2016},
  url    = {https://www.analyticsvidhya.com/blog/2016/03/complete-guide-parameter-tuning-xgboost-with-codes-python/},
}

@Misc{Rands2017,
  author = {Kevin Rands},
  title  = {{8 companies using big data to disrupt real estate}},
  month  = aug,
  year   = {2017},
  url    = {https://www.cio.com/article/3211601/data-science/8-companies-using-big-data-to-disrupt-real-estate.html},
}

@Misc{big-data,
  author = {Charles McLellan},
  title  = {{The internet of things and big data: Unlocking the power}},
  month  = mar,
  year   = {2015},
  url    = {http://www.zdnet.com/article/the-internet-of-things-and-big-data-unlocking-the-power/},
}


@Misc{james-2017,
  author = {James O'brien},
  title  = {{5 Ways Big Data Is Changing Real Estate}},
  month  = jul,
  year   = {2014},
  url    = {http://mashable.com/2014/07/09/big-data-real-estate/#_dujSE2o.gq2},
}

@Misc{athena-snow-2017,
  author = {Athena Snow},
  title  = {{Why Big Data is a Game Changer for Agents}},
  month  = may,
  year   = {2017},
  url    = {https://www.coldwellbanker.com/blog/cbx-app-game-changer-for-agents/},
}

@Misc{young-2017,
  author = {Cnarlie Young},
  title  = {{Big data takes over real estate: The best tech for attracting buyers and satisfying sellers}},
  month  = may,
  year   = {2017},
  url    = {https://www.inman.com/2017/05/12/big-data-takes-real-estate-best-tech-attracting-buyers-satisfying-sellers/
},
}


@Comment{jabref-meta: databaseType:bibtex;}
